<?xml version="1.0" encoding="UTF-8"?><collection xmlns="http://www.loc.gov/MARC21/slim"><record><leader>00454nam--2200133-i-4500</leader><controlfield tag="001">000019448</controlfield><controlfield tag="002">20161230</controlfield><controlfield tag="005">20161230201033</controlfield><controlfield tag="008">060222s1000------------r-----000-0-eng-d</controlfield><datafield ind1=" " ind2=" " tag="080"><subfield code="a">015:547:541.1:577.1</subfield></datafield><datafield ind1=" " ind2=" " tag="100"><subfield code="a">Festy, Bernard</subfield></datafield><datafield ind1=" " ind2=" " tag="245"><subfield code="a">Interaction de l hydroxystilbamidine avec les acides nucleiques: etude physicochimique et biologique. these</subfield></datafield><datafield ind1=" " ind2=" " tag="260"><subfield code="a">Strasbourg, Faculte Des Sciences De L Universite De Strasbourg, 1971. 184 P</subfield></datafield><datafield ind1=" " ind2=" " tag="852"><subfield code="a">38189</subfield></datafield></record></collection>